@article{knuth84,
  author = {Knuth, Donald E.},
  title = {Literate Programming},
  year = {1984},
  issue_date = {May 1984},
  publisher = {Oxford University Press, Inc.},
  address = {USA},
  volume = {27},
  number = {2},
  issn = {0010-4620},
  url = {https://doi.org/10.1093/comjnl/27.2.97},
  doi = {10.1093/comjnl/27.2.97},
  journal = {Comput. J.},
  month = may,
  pages = {97â€“111},
  numpages = {15}
}

@incollection{krauth1998introduction,
  title={Introduction to monte carlo algorithms},
  author={Krauth, Werner},
  booktitle={Advances in Computer Simulation},
  pages={1--35},
  year={1998},
  publisher={Springer}
}

@article{metropolis1953equation,
  title={Equation of state calculations by fast computing machines},
  author={Metropolis, Nicholas and Rosenbluth, Arianna W and Rosenbluth, Marshall N and Teller, Augusta H and Teller, Edward},
  journal={The journal of chemical physics},
  volume={21},
  number={6},
  pages={1087--1092},
  year={1953},
  publisher={American Institute of Physics}
}

@inproceedings{kapfer2013sampling,
  title={Sampling from a polytope and hard-disk Monte Carlo},
  author={Kapfer, Sebastian C and Krauth, Werner},
  booktitle={Journal of Physics: Conference Series},
  volume={454},
  number={1},
  pages={012031},
  year={2013},
  organization={IOP Publishing}
}

@article{widom1966random,
  title={Random sequential addition of hard spheres to a volume},
  author={Widom, B},
  journal={The Journal of Chemical Physics},
  volume={44},
  number={10},
  pages={3888--3894},
  year={1966},
  publisher={American Institute of Physics}
}

@article{jacobs1981multi,
  title={Multi-spin coding: a very efficient technique for Monte Carlo simulations of spin systems},
  author={Jacobs, Laurence and Rebbi, Claudio},
  journal={Journal of Computational Physics},
  volume={41},
  number={1},
  pages={203--210},
  year={1981},
  publisher={Elsevier}
}

@book{krauth2006statistical,
  title={Statistical mechanics: algorithms and computations},
  author={Krauth, Werner},
  volume={13},
  year={2006},
  publisher={OUP Oxford}
}

@book{mackay2003information,
  title={Information theory, inference and learning algorithms},
  author={MacKay, David JC},
  year={2003},
  publisher={Cambridge university press}
}

@article{karatsuba1995complexity,
  title={The complexity of computations},
  author={Karatsuba, Anatolii Alexeevich},
  journal={Proceedings of the Steklov Institute of Mathematics-Interperiodica Translation},
  volume={211},
  pages={169--183},
  year={1995},
  publisher={Providence, RI: American Mathematical Society}
}

@book{dyson2012turing,
  title={Turing's cathedral: the origins of the Digital Universe},
  author={Dyson, George},
  year={2012},
  publisher={Vintage}
}

@book{moore2011nature,
  title={The nature of computation},
  author={Moore, Cristopher and Mertens, Stephan},
  year={2011},
  publisher={Oxford University Press}
}

@article{cooley1965algorithm,
  title={An algorithm for the machine calculation of complex Fourier series},
  author={Cooley, James W and Tukey, John W},
  journal={Mathematics of computation},
  volume={19},
  number={90},
  pages={297--301},
  year={1965}
}

@article{danielson1942some,
  title={Some improvements in practical Fourier analysis and their application to X-ray scattering from liquids},
  author={Danielson, Gordon Charles and Lanczos, Cornelius},
  journal={Journal of the Franklin Institute},
  volume={233},
  number={5},
  pages={435--452},
  year={1942},
  publisher={Elsevier}
}

@article{cooley1967historical,
  title={Historical notes on the fast Fourier transform},
  author={Cooley, James W and Lewis, Peter AW and Welch, Peter D},
  journal={Proceedings of the IEEE},
  volume={55},
  number={10},
  pages={1675--1677},
  year={1967},
  publisher={IEEE}
}

@article{abbott2020guide,
  title={A guide to LIGO--Virgo detector noise and extraction of transient gravitational-wave signals},
  author={Abbott, Benjamin P and Abbott, Rich and Abbott, Thomas D and Abraham, Sheelu and Acernese, Fausto and Ackley, Kendall and Adams, Carl and Adya, Vaishali B and Affeldt, Christoph and Agathos, Michalis and others},
  journal={Classical and Quantum Gravity},
  volume={37},
  number={5},
  pages={055002},
  year={2020},
  publisher={IOP Publishing}
}